@Article
{
	Main,
	TITLE		= {Absence of infinite cluster for critical Bernouilli percolation on slabs},
	AUTHOR		= {Duminil-Copin, Hugo and Sidoravicius, Vladas and Tassion, Vincent},
	JOURNAL		= {The American Mathematical Monthly},
	MONTH		= {janvier}
	YEAR		= 2014,
	URL			= {http://arxiv.org/abs/1401.7130}
}
